<?xml version="1.0" encoding="UTF-8"?><collection xmlns="http://www.loc.gov/MARC21/slim"><record><leader>00382nam--2200157-i-4500</leader><controlfield tag="001">000012596</controlfield><controlfield tag="002">20161230</controlfield><controlfield tag="005">20170114003846</controlfield><controlfield tag="008">060222s1000------------r-----000-0-eng-d</controlfield><datafield ind1=" " ind2=" " tag="080"><subfield code="a">530.145.6</subfield></datafield><datafield ind1=" " ind2=" " tag="100"><subfield code="a">Chattarji, D</subfield></datafield><datafield ind1=" " ind2=" " tag="245"><subfield code="a">The theory of auger transitions</subfield></datafield><datafield ind1=" " ind2=" " tag="260"><subfield code="a">London</subfield><subfield code="b">Academic Press</subfield><subfield code="c">1976</subfield></datafield><datafield ind1=" " ind2=" " tag="300"><subfield code="a">XI+263 p</subfield></datafield><datafield ind1=" " ind2=" " tag="852"><subfield code="a">45857</subfield></datafield><datafield ind1=" " ind2=" " tag="CAT"><subfield code="a">SYS</subfield><subfield code="c">20170114</subfield><subfield code="h">003846</subfield></datafield></record></collection>